@Article{KoMa14,
  title =	 {An Adaptive Shifted Power Method for Computing
                  Generalized Tensor Eigenpairs},
  author =	 {Tamara G. Kolda and Jackson R. Mayo},
  doi =		 {10.1137/140951758},
  journal =	 {SIAM Journal on Matrix Analysis and Applications},
  number =	 {4},
  volume =	 {35},
  year =	 {2014},
  month =	 dec,
  pages =	 {1563--1581},
}

@Misc{AMSMSC2010,
  title =	 {{Mathematics Subject Classification}},
  author =	 {{American Mathematical Society}},
  year =	 {2010},
  url =		 {http://www.ams.org/mathscinet/msc/msc2010.html},
  urldate =	 {2015/03/29},
}

@Misc{PeKoPi14,
  title =	 {Accelerating Community Detection by Using {K}-core
                  Subgraphs},
  author =	 {Chengbin Peng and Tamara G. Kolda and Ali Pinar},
  eprint =	 {1403.2226},
  year =	 2014,
  month =	 mar,
  eprintclass =	 {math.NA}
}

@Article{ZhDuYanQi15,
  author =	 {Zhang, Y. and Du, G. and Yang, Y. and Qin, W. and
                  Li, X. and Zhang, Q.},
  title =	 {Higher Integrity of the Motor and Visual Pathways in
                  Long-term Video Game Players},
  journal =	 {Frontiers in Human Neuroscience},
  doi =		 {10.3389/fnhum.2015.00098},
  volume =	 9,
  number =	 98,
  month =	 mar,
  year =	 2015,
  archiveprefix ={PubMed},
  archive =	 {http://www.ncbi.nlm.nih.gov/pubmed},
  eprint =	 {25805981}
}

@book{La86,
  author =	 "Leslie Lamport",
  title =	 "\LaTeX: A Document Preparation System",
  publisher =	 "Addison--Wesley",
  year =	 "1986",
  address =	 "Reading, MA"
}

@Book{MiGo04,
  author =	 {Frank Mittlebach and Michel Goossens},
  title =	 {The \LaTeX Companion},
  publisher =	 {Addison--Wesley},
  year =	 2004,
  edition =	 {2nd}}

